%1
@article{shkapenyuk2002distributed,
	title={Design and implementation of a high-performance distributed web crawler},
	author={V. Shkapenyuk and T. Suel},
	journal={Proceedings 18th International Conference on Data Engineering},
	pages={357--368},
	year={2002},
	publisher={IEEE}
}

article{seymour2011history,
	title={History of search engines},
	author={Seymour, Tom and Frantsvog, Dean and Kumar, Satheesh},
	journal={International Journal of Management \& Information Systems (IJMIS)},
	volume={15},
	number={4},
	pages={47--58},
	year={2011}
}

%2
@article{orlando2002design,
	title={Design of a parallel and distributed web search engine. In Parallel Computing: Advances and Current Issues },
	author={Orlando and Salvatore and Raffaele Perego and Fabrizio Silvestri},
	pages={197-204},
	year={2002},
	publisher={World Scientific}
}

article{brin1998can,
	title={What can you do with a web in your pocket?},
	author={Brin, Sergey and Motwani, Rajeev and Page, Lawrence and Winograd, Terry},
	journal={IEEE Data Eng. Bull.},
	volume={21},
	number={2},
	pages={37--47},
	year={1998},
	publisher={Citeseer}
}

%3
@article{cambazoglu2009quantifying,
	title={Quantifying performance and quality gains in distributed web search engines},
	author={Cambazoglu and B. Barla and Vassilis Plachouras and Ricardo Baeza-Yates},
	journal={International Journal of Information Technology \& Decision Making},
	pages={411--418},
	year={2009},
	publisher={Association for Computing Machinery}
}

article{zhang2008web,
	title={Web mining: a survey of current research, techniques, and software},
	author={Zhang, Qingyu and Segall, Richard S},
	journal={International Journal of Information Technology \& Decision Making},
	volume={7},
	number={04},
	pages={683--720},
	year={2008},
	publisher={World Scientific}
}

%4
@electronic{neuralnine2021socket,
	author={NeuralNine},
	title={Python Sockets Simply Explained},
	url = {https://www.youtube.com/watch?v=YwWfKitB8aA&t=1702s},
	year = {2021},
}
@electronic{ibm2021whatissocket,
	author={IBMCorporation},
	title={What is a socket?},
	url = {https://www.ibm.com/docs/en/zos/2.1.0?topic=services-what-is-socket},
	year = {2021},
}
article{brin1998anatomy,
	title={The anatomy of a large-scale hypertextual web search engine},
	author={Brin, Sergey and Page, Lawrence},
	year={1998}
}
@article{fathan2021search,
	title = {Perancangan Crawler sebagai Pendukung pada Search Engine},
	author = {Muhammad Fathan Qoriiba},
	year = {2021},
}

@article{lazuardy2023search,
	title = {Perancangan Arsitektur Search Engine dengan Mengintegrasikan Web
	         Crawler, Algoritma Page Ranking, dan Document Ranking},
	author = {Lazuardy Khatulistiwa},
	url = {
	       https://github.com/lazuardyk/search-engine/blob/main/docs/skripsi/Skripsi%20Final%20-%20Lazuardy%20Khatulistiwa.pdf
	       },
	year = {2023},
}

@article{farhan2023page,
	title = {Perbandingan Implementasi Algoritma-Algoritma Pagerank pada Satu Mesin Komputer},
	author = {Farhan Herdian Pradana},
	year = {2023},
}

@article{aldian2024search,
	title = {Perancangan User Interface Search Engine dan Admin Console Untuk Manajemen dan Visualisasi Data Hasil Pengindeksan},
	author = {Aldian Asmara},
	year = {2024},
}

%5
@article{babatunde2014review,
	title={A comparative review of internet protocol version 4
(ipv4) and internet protocol version 6 (ipv6)},
	author={Babatunde, O., and Al-Debagy, O.},
	year={2014},
	pages={arXiv preprint arXiv:1407.2717}
}

%6
@article{boldi2018bubing,
	title={BUbiNG: Massive crawling for the 	masses. ACM Transactions on the Web (TWEB)},
	author={Boldi, P. and Marino, A. and Santini, M. and Vigna, S.},
	year={2018},
	pages={1--26}
}

@article{ford2005peer,
	title={Peer-to-Peer Communication Across 
	Network Address Translators},
	author={Bryan Ford and Pyda Srisuresh and Dan Kegel},
	journal={USENIX Annual Technical Conference},
	pages={179-192},
	year={2005}
}

@article{johnsen2005peer,
	title={Peer-to-peer networking with 
	BitTorrent},
	author={JA Johnsen and LE Karlsen and SS Birkeland},
	journal={Department of Telematics},
	year={2005},
	publisher={NTNU}
}

Tanenbaum, A. S., Feamster, N. & Wetherall, D. (2021). Computer Network (Sixth Edition).

@book{tanenbaum2021computer,
	author = {Andrew S. Tanenbaum and Nick Feamster and David J. Wetherall},
	title = {Computer Network (Sixth Edition)},
	year = {2021},
	month = {September},
	abstract = {A web crawler is a program that, given one or more seed URLs, downloads the web pages associated with these URLs, extracts any hyperlinks contained in them, and recursively continues to download the web pages identified by these hyperlinks. Web crawlers are an important component of web search engines, where they are used to collect the corpus of web pages indexed by the search engine. Moreover, they are used in many other applications that process large numbers of web pages, such as web data mining, comparison shopping engines, and so on. Despite their conceptual simplicity, implementing high-performance web crawlers poses major engineering challenges due to the scale of the web. In order to crawl a substantial fraction of the “surface web” in a reasonable amount of time, web crawlers must download thousands of pages per second, and are typically distributed over tens or hundreds of computers.},
	publisher = {Springer Verlag},
	url = {https://www.microsoft.com/en-us/research/publication/web-crawler-architecture/},
	edition = {Encyclopedia of Database Systems},
}

@article{rosenberg2003stun,
	title={STUN-simple traversal of user datagram protocol (UDP) through network address translators (NATs)},
	author={J. Rosenberg and J. Weinberger and C. Huitema and R. Mahy},
	journal={rfc3489},
	year={2003},
	publisher={Internet Engineering Task Force}
}

@electronic{liu2021whatisnat,
	author={Liu Qiaoqiao},
	title={What Is Network Address Translation (NAT)?},
	url = {https://info.support.huawei.com/info-finder/encyclopedia/en/NAT.html},
	year = {2021},
}
///////////////////////////////////////

%7
@inproceedings{brin1998extracting,
	title={Extracting patterns and relations from the world wide web},
	author={Brin, Sergey},
	booktitle={International Workshop on The World Wide Web and Databases},
	pages={172--183},
	year={1998},
	organization={Springer}
}

%8
@misc{william2001using,
	title={Using Information Technology: A Practical introduction to computers and communications},
	author={William and Brian K and Sawyer and Spacey C},
	year={2001},
	publisher={Boston: Mc Graw Hill}
}

#9
@book{najork2009web,
	author = {Najork, Marc},
	title = {Web Crawler Architecture},
	booktitle = {Encyclopedia of Database Systems},
	year = {2009},
	month = {September},
	abstract = {A web crawler is a program that, given one or more seed URLs, downloads the web pages associated with these URLs, extracts any hyperlinks contained in them, and recursively continues to download the web pages identified by these hyperlinks. Web crawlers are an important component of web search engines, where they are used to collect the corpus of web pages indexed by the search engine. Moreover, they are used in many other applications that process large numbers of web pages, such as web data mining, comparison shopping engines, and so on. Despite their conceptual simplicity, implementing high-performance web crawlers poses major engineering challenges due to the scale of the web. In order to crawl a substantial fraction of the “surface web” in a reasonable amount of time, web crawlers must download thousands of pages per second, and are typically distributed over tens or hundreds of computers.},
	publisher = {Springer Verlag},
	url = {https://www.microsoft.com/en-us/research/publication/web-crawler-architecture/},
	edition = {Encyclopedia of Database Systems},
}

#10
@article{salton1989automatic,
	title={Automatic text processing: The transformation, analysis, and retrieval of},
	author={Salton, Gerard},
	journal={Reading: Addison-Wesley},
	volume={169},
	year={1989}
}

#11
@inproceedings{pinkerton1994finding,
	title={Finding what people want: Experiences with the WebCrawler},
	author={Pinkerton, Brian},
	booktitle={Proc. 2nd WWW Conf., 1994},
	year={1994}
}

#12
@electronic{netmarketshare,
	author={NetMarketShare},
	title={Search Engine Market Share},
	url = {http://engineering.purdue.edu/~mark/puthesis},
	lastchecked = {2020-9-15},
	year = {2020},
}

#13
@article{jonhenshaw_2020, title={Apple showing signs it may soon launch a search engine to compete against Google Search},
	url={https://www.coywolf.news/seo/apple-search-engine/},
	journal={Coywolf News},
	author={Jon Henshaw},
	year={2020},
	month={Aug}
}

#14
@article{kaur2020simhar,
	title={SIMHAR-Smart Distributed Web Crawler for the Hidden Web Using SIM+ Hash and Redis Server},
	author={Kaur, Sawroop and Geetha, G},
	journal={IEEE Access},
	volume={8},
	pages={117582--117592},
	year={2020},
	publisher={IEEE}
}

#15
@inproceedings{castillo2005effective,
	title={Effective web crawling},
	author={Castillo, Carlos},
	booktitle={Acm sigir forum},
	volume={39},
	number={1},
	pages={55--56},
	year={2005},
	organization={Acm New York, NY, USA}
}